@article{sheng2021learning,
  title={Learning to assess visual aesthetics of food images},
  author={Sheng, Kekai and Dong, Weiming and Huang, Haibin and Chai, Menglei and Zhang, Yong and Ma, Chongyang and Hu, Bao-Gang},
  journal={Computational Visual Media},
  volume={7},
  number={1},
  pages={139--152},
  year={2021},
  publisher={Springer}
}

%@incollection{sheng2018gourmet,
 % title={Gourmet photography dataset for aesthetic assessment of food images},
%  author={Sheng, Kekai and Dong, Weiming and Huang, Haibin and Ma, Chongyang and Hu, Bao-Gang},
%  booktitle={SIGGRAPH Asia 2018 Technical Briefs},
%  pages={1--4},
%  year={2018}
%}

@inproceedings{luo2011content,
  title={Content-based photo quality assessment},
  author={Luo, Wei and Wang, Xiaogang and Tang, Xiaoou},
  booktitle={2011 International Conference on Computer Vision},
  pages={2206--2213},
  year={2011},
  organization={IEEE}
}

@inproceedings{murray2012ava,
  title={AVA: A large-scale database for aesthetic visual analysis},
  author={Murray, Naila and Marchesotti, Luca and Perronnin, Florent},
  booktitle={2012 IEEE Conference on Computer Vision and Pattern Recognition},
  pages={2408--2415},
  year={2012},
  organization={IEEE}
}

@inproceedings{sun2015aesthetic,
  title={Aesthetic Visual Quality Evaluation of Chinese Handwritings.},
  author={Sun, Rongju and Lian, Zhouhui and Tang, Yingmin and Xiao, Jianguo},
  booktitle={IJCAI},
  volume={15},
  pages={2510--2516},
  year={2015}
}

@article{chang2016automatic,
  title={Automatic triage for a photo series},
  author={Chang, Huiwen and Yu, Fisher and Wang, Jue and Ashley, Douglas and Finkelstein, Adam},
  journal={ACM Transactions on Graphics (TOG)},
  volume={35},
  number={4},
  pages={1--10},
  year={2016},
  publisher={ACM New York, NY, USA}
}

@inproceedings{kong2016photo,
  title={Photo aesthetics ranking network with attributes and content adaptation},
  author={Kong, Shu and Shen, Xiaohui and Lin, Zhe and Mech, Radomir and Fowlkes, Charless},
  booktitle={European Conference on Computer Vision},
  pages={662--679},
  year={2016},
  organization={Springer}
}

@inproceedings{chang2017aesthetic,
  title={Aesthetic critiques generation for photos},
  author={Chang, Kuang-Yu and Lu, Kung-Hung and Chen, Chu-Song},
  booktitle={Proceedings of the IEEE International Conference on Computer Vision},
  pages={3514--3523},
  year={2017}
}

@inproceedings{hung2018learning,
  title={Learning to blend photos},
  author={Hung, Wei-Chih and Zhang, Jianming and Shen, Xiaohui and Lin, Zhe and Lee, Joon-Young and Yang, Ming-Hsuan},
  booktitle={Proceedings of the European Conference on Computer Vision (ECCV)},
  pages={70--86},
  year={2018}
}

@inproceedings{yu2018aesthetic,
  title={Aesthetic-based clothing recommendation},
  author={Yu, Wenhui and Zhang, Huidi and He, Xiangnan and Chen, Xu and Xiong, Li and Qin, Zheng},
  booktitle={Proceedings of the 2018 world wide web conference},
  pages={649--658},
  year={2018}
}

@inproceedings{sheng2018attention,
  title={Attention-based multi-patch aggregation for image aesthetic assessment},
  author={Sheng, Kekai and Dong, Weiming and Ma, Chongyang and Mei, Xing and Huang, Feiyue and Hu, Bao-Gang},
  booktitle={Proceedings of the 26th ACM international conference on Multimedia},
  pages={879--886},
  year={2018}
}

@inproceedings{szegedy2016rethinking,
  title={Rethinking the inception architecture for computer vision},
  author={Szegedy, Christian and Vanhoucke, Vincent and Ioffe, Sergey and Shlens, Jon and Wojna, Zbigniew},
  booktitle={Proceedings of the IEEE conference on computer vision and pattern recognition},
  pages={2818--2826},
  year={2016}
}

% Ã¨ il caso di citare il fotografo?
%@online{FotografoZG, title={Foto food di Zanon Gabriele},
%url={http://www.gabrielezanon.com/food}}

@article{hinton2015distilling,
  title={Distilling the knowledge in a neural network},
  author={Hinton, Geoffrey and Vinyals, Oriol and Dean, Jeff},
  journal={arXiv preprint arXiv:1503.02531},
  year={2015}
}

@article{spathis2016photo,
  title={Photo-Quality Evaluation based on Computational Aesthetics: Review of Feature Extraction Techniques},
  author={Spathis, Dimitris},
  journal={arXiv preprint arXiv:1612.06259},
  year={2016}
}

@article{kanwal2021survey,
  title={A Survey of Hand Crafted and Deep Learning Methods for Image Aesthetic Assessment},
  author={Kanwal, Saira and Uzair, Muhammad and Ullah, Habib},
  journal={arXiv preprint arXiv:2103.11616},
  year={2021}
}

@inproceedings{mikhailava2020aesthetic,
  title={Aesthetic Evaluation of Food Plate Images using Deep Learning},
  author={Mikhailava, Veranika and Pyshkin, Evgeny and Klyuev, Vitaly},
  booktitle={2020 22nd International Conference on Advanced Communication Technology (ICACT)},
  pages={285--289},
  year={2020},
  organization={IEEE}
}

@article{peng2018feast,
  title={Feast for the Eyes: Effects of Food Perceptions and Computer Vision Features on Food Photo Popularity.},
  author={Peng, Yilang and JEMMOTT III, JOHN B},
  journal={International Journal of Communication (19328036)},
  volume={12},
  year={2018}
}

@article{citation-0,
  title={6-Psicologia della bellezza},
  author={DEI BELLI, IL PASSE-PARTOUT}
}

@inproceedings{campo2017effects,
  title={The effects of food aesthetics on consumers. Visual stimuli and food marketing},
  author={Campo, Raffaele and Loporcaro, Giuseppe and Baldassarre, Fabrizio},
  booktitle={DIEM: Dubrovnik International Economic Meeting},
  volume={3},
  number={1},
  pages={553--565},
  year={2017},
  organization={Sveu{\v{c}}ili{\v{s}}te u Dubrovniku}
}

%% Eventualmente eliminare
@article{spence2015psychological,
  title={On the psychological impact of food colour},
  author={Spence, Charles},
  journal={Flavour},
  volume={4},
  number={1},
  pages={1--16},
  year={2015},
  publisher={BioMed Central}
}

@article{wooley1973salivation,
  title={Salivation to the sight and thought of food: a new measure of appetite.},
  author={Wooley, Susan C and Wooley, Orland W},
  journal={Psychosomatic Medicine},
  year={1973},
  publisher={Lippincott Williams \& Wilkins}
}

@article{labar2001hunger,
  title={Hunger selectively modulates corticolimbic activation to food stimuli in humans.},
  author={LaBar, Kevin S and Gitelman, Darren R and Parrish, Todd B and Kim, Yun-Hee and Nobre, Anna C and Mesulam, M and others},
  journal={Behavioral neuroscience},
  volume={115},
  number={2},
  pages={493},
  year={2001},
  publisher={American Psychological Association}
}

@article{velasco2015hedonic,
  title={Hedonic mediation of the crossmodal correspondence between taste and shape},
  author={Velasco, Carlos and Woods, Andy T and Deroy, Ophelia and Spence, Charles},
  journal={Food Quality and Preference},
  volume={41},
  pages={151--158},
  year={2015},
  publisher={Elsevier}
}

@article{michel2014taste,
  title={A taste of Kandinsky: assessing the influence of the artistic visual presentation of food on the dining experience},
  author={Michel, Charles and Velasco, Carlos and Gatti, Elia and Spence, Charles},
  journal={Flavour},
  volume={3},
  number={1},
  pages={1--11},
  year={2014},
  publisher={BioMed Central}
}
%%

@inproceedings{deng2009imagenet,
  title={Imagenet: A large-scale hierarchical image database},
  author={Deng, Jia and Dong, Wei and Socher, Richard and Li, Li-Jia and Li, Kai and Fei-Fei, Li},
  booktitle={2009 IEEE conference on computer vision and pattern recognition},
  pages={248--255},
  year={2009},
  organization={Ieee}
}

@inproceedings{selvaraju2017grad,
  title={Grad-cam: Visual explanations from deep networks via gradient-based localization},
  author={Selvaraju, Ramprasaath R and Cogswell, Michael and Das, Abhishek and Vedantam, Ramakrishna and Parikh, Devi and Batra, Dhruv},
  booktitle={Proceedings of the IEEE international conference on computer vision},
  pages={618--626},
  year={2017}
}

@online{MATLAB, title={MATLAB},
url={https://it.mathworks.com/products/matlab.html}}